@article{shannon1948communication,
  author = {Marc Weidner},
  title = {A Cheat Sheet},
  journal = {sonns and bitches},
  year = 2023,
  volume = {01},
  number = {1},
  pages = {0-1},
}
